@phdthesis{SOPPOAASLK13,
	author	 = {Julian Kunkel},
	title	 = {{Simulation of Parallel Programs on Application and System Level}},
	advisors	 = {Thomas Ludwig},
	year	 = {2013},
	month	 = {07},
	school	 = {Universität Hamburg},
	howpublished	 = {{Online \url{[[http://ediss.sub.uni-hamburg.de/volltexte/2013/6264/pdf/Dissertation.pdf|Thesis]]}}},
	type	 = {PhD Thesis},
	url	 = {http://ediss.sub.uni-hamburg.de/frontdoor.php?source_opus=6264},
}

@article{ESSAASOEKK14,
	author	 = {Julian Kunkel and Michael Kuhn and Thomas Ludwig},
	title	 = {{Exascale Storage Systems -- An Analytical Study of Expenses}},
	year	 = {2014},
	month	 = {06},
	editor	 = {Jack Dongarra and Vladimir Voevodin},
	journal	 = {Supercomputing Frontiers and Innovations},
	series	 = {Volume 1, Number 1},
	pages	 = {116--134},
	url	 = {http://superfri.org/superfri/article/view/20},
}

@manual{PIOTAPO12,
	author	 = {Lonnie Crosby},
	title	 = {{Parallel I/O Techniques and Performance Optimization}},
	year	 = {2012 (Accessed in August 2020)},
	url	 = {https://www.nics.utk.edu/sites/www.nics.tennessee.edu/files/pdf/Lonnie.pdf},
}

@techreport{01403233,
  TITLE = {{Interactive Data-Driven Research: the place where databases and data mining research meet}},
  AUTHOR = {Amer-Yahia, Sihem and Leroy, Vincent and Termier, Alexandre and Kirchgessner, Martin and Omidvar-Tehrani, Behrooz},
  URL = {https://hal.archives-ouvertes.fr/hal-01403233},
  NOTE = {Les rapports de recherche du LIG - ISSN : 2105-0422},
  TYPE = {Research Report},
  NUMBER = {RR-LIG-049},
  INSTITUTION = {{LIG}},
  YEAR = {2015},
  PDF = {https://hal.archives-ouvertes.fr/hal-01403233/file/RR-LIG-049_orig.pdf},
  HAL_ID = {hal-01403233},
  HAL_VERSION = {v1},
}

@article{JSFI309,
	author = {Julian Kunkel and Luciana Pedro},
	title = {{Potential of I/O Aware Workflows in Climate and Weather}},
	journal = {Supercomputing Frontiers and Innovations},
	volume = {7},
	number = {2},
	year = {2020},
	issn = {2313-8734},
  url = {https://superfri.org/superfri/article/view/309}
}


@article{3372390,
author = {Heldens, Stijn and Hijma, Pieter and Werkhoven, Ben Van and Maassen, Jason and Belloum, Adam S. Z. and Van Nieuwpoort, Rob V.},
title = {The Landscape of Exascale Research: A Data-Driven Literature Analysis},
year = {2020},
issue_date = {June 2020},
publisher = {Association for Computing Machinery},
address = {New York, NY, USA},
volume = {53},
number = {2},
issn = {0360-0300},
url = {https://doi.org/10.1145/3372390},
doi = {10.1145/3372390},
journal = {ACM Comput. Surv.},
month = mar,
articleno = {23},
numpages = {43},
keywords = {high-performance computing, data-driven analysis, extreme-scale computing, literature review, Exascale computing}
}

@manual{netcdf,
	author	 = {UCAR/Unidata},
	title	 = {{Network Common Data Form (NetCDF)}},
	year	 = {Accessed in August 2020},
	url	 = {https://www.unidata.ucar.edu/software/netcdf/},
}

@manual{cf,
	author	 = {Brian Eaton and Jonathan Gregory and Bob Drach and Karl Taylor and Steve Hankin and Jon Blower and John Caron and Rich Signell and Phil Bentley and Greg Rappa and Heinke Höck and Alison Pamment and Martin Juckes and Martin Raspaud and Randy Horne and Timothy Whiteaker and David Blodgett and Charlie Zender and Daniel Lee},
	title	 = {{CF Conventions and Metadata}},
	year	 = {Accessed in August 2020)},
	url	 = {http://cfconventions.org/},
}

@book{hailperin2006operating,
	author	=	{Max Hailperin and Gustavus Adolphus College},
	title	=	{{Operating Systems and Middleware: Supporting Controlled Interaction}},
	year	=	{2019},
	edition	= {1.3.1},
	publisher = {Online version},
	url      = {https://gustavus.edu/mcs/max/os-book/osm-rev1.3.1.pdf},
	isbn      = {978-0534423698},
}

@inproceedings{CAPMFESDMA19,
	author	 = {Jakob Lüttgau and Julian Kunkel},
	title	 = {{Cost and Performance Modeling for Earth System Data Management and Beyond}},
	year	 = {2019},
	month	 = {01},
	booktitle	 = {{High Performance Computing: ISC High Performance 2018 International Workshops, Frankfurt/Main, Germany, June 28, 2018, Revised Selected Papers}},
	editor	 = {Rio Yokota and Michele Weiland and John Shalf and Sadaf Alam},
	publisher	 = {Springer},
	series	 = {Lecture Notes in Computer Science},
	number	 = {11203},
	pages	 = {23--35},
	conference	 = {HPC-IODC workshop, ISC HPC},
	organization	 = {ISC Team},
	location	 = {Frankfurt, Germany},
	isbn	 = {978-3-030-02465-9},
	issn	 = {1611-3349},
	doi	 = {https://doi.org/10.1007/978-3-030-02465-9_2},
}
